% This file was created with Citavi 6.0.0.2

@misc{.,
 abstract = {Diese Grafik zeigt die Ergebnisse einer Umfrage {\"u}ber die Gr{\"u}nde f{\"u}r oder gegen die Nutzung von Smart-Home-Produkten.},
 title = {Infografik: Smart Home: Was spricht daf{\"u}r, was dagegen?},
 url = {https://de.statista.com/infografik/15254/argumente-fuer-und-gegen-die-nutzung-von-smart-home-produkten/},
 urldate = {12.06.2019}
}


@misc{.2017,
 year = {2017},
 title = {Latin Square Design: Definition and Balanced Latin Square Algorithm},
 url = {https://www.statisticshowto.datasciencecentral.com/latin-square-design/},
 urldate = {12.06.2019}
}


@misc{.c,
 title = {Smart Home - weltweit | Statista Marktprognose},
 url = {https://de.statista.com/outlook/279/100/smart-home/weltweit#market-revenue},
 urldate = {09.07.2019}
}


@misc{.d,
 title = {Home - SmartHome Hilfe},
 url = {https://service.startsmarthome.de/de/},
 urldate = {09.07.2019}
}


@proceedings{Begole.2015,
 year = {2015},
 title = {Proceedings of the 33rd Annual ACM Conference on Human Factors in Computing Systems - CHI '15},
 address = {New York, New York, USA},
 publisher = {{ACM Press}},
 isbn = {9781450331456},
 editor = {Begole, Bo and Kim, Jinwoo and Inkpen, Kori and Woo, Woontack},
 doi = {10.1145/2702123}
}


@inproceedings{Dingler.2018,
 author = {Dingler, Tilman and Rzayev, Rufat and Shirazi, Alireza Sahami and Henze, Niels},
 title = {Designing Consistent Gestures Across Device Types},
 pages = {1--12},
 publisher = {{The Association for Computing Machinery}},
 isbn = {9781450356206},
 editor = {Mandryk, Regan and Hancock, Mark},
 booktitle = {Engage with CHI},
 year = {2018},
 address = {New York, New York},
 doi = {10.1145/3173574.3173993}
}


@inproceedings{Felberbaum.2018,
 author = {Felberbaum, Yasmin and Lanir, Joel},
 title = {Better Understanding of Foot Gestures},
 pages = {1--12},
 publisher = {{The Association for Computing Machinery}},
 isbn = {9781450356206},
 editor = {Mandryk, Regan and Hancock, Mark},
 booktitle = {Engage with CHI},
 year = {2018},
 address = {New York, New York},
 doi = {10.1145/3173574.3173908}
}


@inproceedings{Jensen.2018,
 author = {Jensen, Rikke Hagensby and Strengers, Yolande and Kjeldskov, Jesper and Nicholls, Larissa and Skov, Mikael B.},
 title = {Designing the Desirable Smart Home},
 pages = {1--14},
 publisher = {{The Association for Computing Machinery}},
 isbn = {9781450356206},
 editor = {Mandryk, Regan and Hancock, Mark},
 booktitle = {Engage with CHI},
 year = {2018},
 address = {New York, New York},
 doi = {10.1145/3173574.3173578}
}


@inproceedings{Kosch.2018,
 author = {Kosch, Thomas and Wo{\'z}niak, Pawe{\l} W. and Brady, Erin and Schmidt, Albrecht},
 title = {Smart Kitchens for People with Cognitive Impairments},
 pages = {1--12},
 publisher = {{The Association for Computing Machinery}},
 isbn = {9781450356206},
 editor = {Mandryk, Regan and Hancock, Mark},
 booktitle = {Engage with CHI},
 year = {2018},
 address = {New York, New York},
 doi = {10.1145/3173574.3173845}
}


@proceedings{Mandryk.2018,
 year = {2018},
 title = {Engage with CHI: CHI 2018 : proceedings of the 2018 CHI Conference on Human Factors in Computing Systems : April 21 -26, 2018, Montr{\'e}al, QC, Canada},
 keywords = {Benutzeroberfl{\"a}che;Mensch-Maschine-Schnittstelle},
 address = {New York, New York},
 publisher = {{The Association for Computing Machinery}},
 isbn = {9781450356206},
 editor = {Mandryk, Regan and Hancock, Mark},
 institution = {CHI and {Association for Computing Machinery} and {CHI Conference on Human Factors in Computing Systems} and {ACM CHI Conference on Human Factors in Computing Systems} and {Annual CHI Conference on Human Factors in Computing Systems}},
 doi = {10.1145/3173574}
}


@proceedings{Olsen.2009,
 year = {2009},
 title = {CHI 2009 - digital life, new world: Conference proceedings and extended abstracts ; the 27th Annual CHI Conference on Human Factors in Computing Systems, April 4 - 9, 2009 in Boston, USA},
 keywords = {Computer science;Mensch-Maschine-Schnittstelle},
 address = {New York, NY},
 publisher = {ACM},
 isbn = {9781605582467},
 editor = {Olsen, Dan R. and Arthur, Richard B. and Hinckley, Ken and Morris, Meredith Ringel and Hudson, Scott and Greenberg, Saul},
 institution = {CHI and {Association for Computing Machinery} and {CHI 2009} and {Annual CHI Conference on Human Factors in Computing Systems}},
 doi = {10.1145/1518701}
}


@inproceedings{Ruiz.2011,
 author = {Ruiz, Jaime and Li, Yang and Lank, Edward},
 title = {User-defined motion gestures for mobile interaction},
 pages = {197},
 publisher = {ACM},
 isbn = {9781450302289},
 editor = {Tan, Desney and Fitzpatrick, Geraldine and Gutwin, Carl and Begole, Bo and Kellogg, Wendy A.},
 booktitle = {Conference proceedings and extended abstracts / the 29th Annual CHI Conference on Human Factors in Computing Systems},
 year = {2011},
 address = {New York, NY},
 doi = {10.1145/1978942.1978971}
}


@proceedings{Tan.2011,
 year = {2011},
 title = {Conference proceedings and extended abstracts / the 29th Annual CHI Conference on Human Factors in Computing Systems: CHI 2011, Vancouver, BC, May 7 - 12, 2011},
 keywords = {Benutzeroberfl{\"a}che;Congresses;DVD;Human-computer interaction;Mensch-Maschine-Schnittstelle},
 address = {New York, NY},
 publisher = {ACM},
 isbn = {9781450302289},
 editor = {Tan, Desney and Fitzpatrick, Geraldine and Gutwin, Carl and Begole, Bo and Kellogg, Wendy A.},
 institution = {{Association for Computing Machinery} and {Annual CHI Conference on Human Factors in Computing Systems} and CHI},
 doi = {10.1145/1978942}
}


@inproceedings{Vatavu.2015,
 author = {Vatavu, Radu-Daniel and Wobbrock, Jacob O.},
 title = {Formalizing Agreement Analysis for Elicitation Studies},
 pages = {1325--1334},
 publisher = {{ACM Press}},
 isbn = {9781450331456},
 editor = {Begole, Bo and Kim, Jinwoo and Inkpen, Kori and Woo, Woontack},
 booktitle = {Proceedings of the 33rd Annual ACM Conference on Human Factors in Computing Systems - CHI '15},
 year = {2015},
 address = {New York, New York, USA},
 doi = {10.1145/2702123.2702223}
}


@inproceedings{Wobbrock.2009,
 author = {Wobbrock, Jacob O. and Morris, Meredith Ringel and Wilson, Andrew D.},
 title = {User-defined gestures for surface computing},
 pages = {1083},
 publisher = {ACM},
 isbn = {9781605582467},
 editor = {Olsen, Dan R. and Arthur, Richard B. and Hinckley, Ken and Morris, Meredith Ringel and Hudson, Scott and Greenberg, Saul},
 booktitle = {CHI 2009 - digital life, new world},
 year = {2009},
 address = {New York, NY},
 doi = {10.1145/1518701.1518866}
}


